% UTF8


% Relativo ao ppc:

% (BRASIL, 1996)
@misc{Lei:9394:1996,
  author       = {Brasil},
  title        = {Lei Nº 9.394, de 20 de dezembro de 1996. Estabelece as diretrizes e bases da educação nacional.},
  journal      = {Diário Oficial [da] República Federativa do Brasil},
  year         = {1996},
  date         = {2012-05-28},
  organization = {Brasil},
  url          = {http://www.planalto.gov.br/ccivil_03/leis/l9394.htm},
  urldate      = {2021-02-11},
  address      = {Brasília, DF},
  shorttitle   = {Lei 9.394/1996},
  timestamp    = {2021-02-11},
  publisher    = {Ministério da Educação},

}

% (BRASIL, 2005)
@misc{Lei:11.184:2005,
  author       = {Brasil},
  title        = {Lei Nº 11.184, de 7 de outubro de 2005. Dispõe sobre a transformação do Centro Federal de Educação Tecnológica do Paraná em Universidade Tecnológica Federal do Paraná e dá outras providências.},
  journal      = {Diário Oficial [da] República Federativa do Brasil},
  year         = {2005},
  organization = {Brasil},
  url          = {http://www.planalto.gov.br/ccivil_03/_Ato2004-2006/2005/Lei/L11184.htm},
  urldate      = {2021-02-11},
  address      = {Brasília, DF},
  shorttitle   = {Lei 11.184/2005},
  timestamp    = {2021-02-11},
  publisher    = {Minist\'{e}rio da Educa\'{c}\~{a}o},

}

@misc{ibge2020,
	title={Toledo},
	author={{IBGE}},
	howpublished={Disponível em: \url{https://www.ibge.gov.br/cidades-e-estados/pr/toledo.html}. Acesso em: 18 de março 2021},
	year={2020}
}

@misc{pdiutfpr,
	author       = {UTFPR},
	title        = {Deliberação N\textordmasculine{} 35/2017, de 18 de dezembro de 2017 - Plano de Desenvolvimento Institucional PDI 2018-2022},
	journal      = {Boletim de Serviço Eletrônico},
	year         = {2017},
	organization = {Universidade Tecnológica Federal do Paraná},
	howpublished = {\url{https://cloud.utfpr.edu.br/index.php/s/15P0OcMLMdt9Rv7}. Acesso em: 18 de março 2021},	
	address      = {Curitiba, PR},
	shorttitle   = {DELIBERAÇÃO Nº 35/20},	
	
}

@misc{cogep90,
	author       = {COGEP},
	title        = {Resolução N\textordmasculine{} 90/2018 - COGEP - Diretrizes para os Cursos de Graduação Regulares da UTFPR},
	journal      = {Boletim de Serviço Eletrônico},
	year         = {2018},
	organization = {Universidade Tecnológica Federal do Paraná},
	url          = {http://portal.utfpr.edu.br/documentos/graduacao-e-educacao-profissional/prograd/diretrizes-e-regulamentos},
	urldate      = {2021-02-11},
	address      = {Curitiba, PR},
	shorttitle   = {Resolução N\textordmasculine{} 90/2018 - COGEP},
	timestamp    = {2021-02-11},
	
}